@article{declerck2016cori,
	title={Cori - A system to support data-intensive computing},
	author={Declerck, Tina and Antypas, Katie and Bard, Deborah and Bhimji, Wahid and Canon, Shane and Cholia, Shreyas and He, Helen Yun and Jacobsen, Douglas and Prabhat, Nicholas J Wright},
	journal={Proceedings of the Cray User Group},
	pages={8},
	year={2016}
}

@inproceedings{johnston2017embedded,
  title={Embedded Accelerators for Scientific High-Performance Computing: An Energy Study of {OpenCL} {Gaussian} Elimination Workloads},
  author={Johnston, Beau and Lee, Brian and Angove, Luke and Rendell, Alistair},
  booktitle={International Conference on Parallel Processing Workshops (ICPPW)},
  pages={59--68},
  year={2017},
  organization={IEEE}
}

@inproceedings{mitra2014implementation,
  title={Implementation and optimization of the {OpenMP} accelerator model for the {TI Keystone II} architecture},
  author={Mitra, Gaurav and Stotzer, Eric and Jayaraj, Ajay and Rendell, Alistair P},
  booktitle={International Workshop on OpenMP},
  pages={202--214},
  year={2014},
  organization={Springer}
}

@inproceedings{barnes2016evaluating,
    title={Evaluating and optimizing the {NERSC} workload on {Knights Landing}},
    author={Barnes, Taylor and Cook, Brandon and Deslippe, Jack and Doerfler, Douglas and Friesen, Brian and He, Yun and Kurth, Thorsten and Koskela, Tuomas and Lobet, Mathieu and Malas, Tareq and others},
    booktitle={International Workshop on Performance Modeling, Benchmarking and Simulation of High Performance Computer Systems (PMBS},
    pages={43--53},
    year={2016},
    organization={IEEE}
}

@inproceedings{martineau2016performance,
    title={Performance analysis and optimization of {Clang}'s {OpenMP} 4.5 {GPU} support},
    author={Martineau, Matt and McIntosh-Smith, Simon and Bertolli, Carlo and Jacob, Arpith C and Antao, Samuel F and Eichenberger, Alexandre and Bercea, Gheorghe-Teodor and Chen, Tong and Jin, Tian and O'Brien, Kevin and others},
    booktitle={International Workshop on Performance Modeling, Benchmarking and Simulation of High Performance Computer Systems (PMBS)},
    pages={54--64},
    year={2016},
    organization={IEEE}
}

@inproceedings{marjanovic2016hpc,
    title={{HPC} benchmarking: problem size matters},
    author={Marjanovi{\'c}, Vladimir and Gracia, Jos{\'e} and Glass, Colin W},
    booktitle={International Workshop on Performance Modeling, Benchmarking and Simulation of High Performance Computer Systems (PMBS)},
    pages={1--10},
    year={2016},
    organization={IEEE}
}

@article{feldman_2017,
    title={TOP500 Meanderings: Supercomputers Take Big Green Leap in 2017},
    url={https://www.top500.org/news/top500-meanderings-supercomputers-take-big-green-leap-in-2017/},
    journal={TOP500 Supercomputer Sites},
    publisher={Top500.org},
    author={Feldman, Michael},
    year={2017},
    month={Sep}
}

@article{feldman_2017_isambard,
	title={Cray to Deliver {ARM}-Powered Supercomputer to {UK} Consortium},
	url={https://www.top500.org/news/cray-to-deliver-arm-powered-supercomputer-to-uk-consortium/},
	journal={TOP500 Supercomputer Sites},
	publisher={Top500.org},
	author={Feldman, Michael},
	year={2017},
	month={Jan}
}

@article{morgan_2016,
    title={{NVLink} Takes {GPU} Acceleration To The Next Level},
    url={https://www.nextplatform.com/2016/05/04/nvlink-takes-gpu-acceleration-next-level/},
    journal={The Next Platform},
    author={Morgan, Timothy},
    publisher={Stackhouse Publishing Inc.},
    year={2016},
    month={May}
}

@article{morgan_2017,
    title={The {Power9} Rollout Begins With {Summit} And {Sierra} Supercomputers},
    url={https://www.nextplatform.com/2017/09/19/power9-rollout-begins-summit-sierra/},
    journal={The Next Platform},
    author={Morgan, Timothy},
    publisher={Stackhouse Publishing Inc.},
    year={2017},
    month={Sep}
}

@misc{morgan_2016_postk,
    title={Inside {Japan}'s Future Exascale {ARM} Supercomputer},
    url={https://www.nextplatform.com/2016/06/23/inside-japans-future-exaflops-arm-supercomputer/},
    journal={The Next Platform},
    publisher={Stackhouse Publishing Inc.},
    author={Morgan, Timothy},
    year={2016},
    month={Jun}}


@inproceedings{lopez2015examining,
    title={Examining recent many-core architectures and programming models using {SHOC}},
    author={Lopez, M Graham and Young, Jeffrey and Meredith, Jeremy S and Roth, Philip C and Horton, Mitchel and Vetter, Jeffrey S},
    booktitle={International Workshop on Performance Modeling, Benchmarking and Simulation of High Performance Computer Systems (PMBS},
    pages={3},
    year={2015},
    organization={ACM}
}

@inproceedings{hoefler2015scientific,
  title={Scientific benchmarking of parallel computing systems: Twelve ways to tell the masses when reporting performance results},
  author={Hoefler, Torsten and Belli, Roberto},
  booktitle={Proceedings of the International Conference for High Performance Computing, Networking, Storage and Analysis},
  pages={73},
  year={2015},
  organization={ACM}
}

@inproceedings{mucci1999papi,
  title={{PAPI}: A portable interface to hardware performance counters},
  author={Mucci, Philip J and Browne, Shirley and Deane, Christine and Ho, George},
  booktitle={Proceedings of the Department of Defense HPCMP users group conference},
  volume={710},
  year={1999}
}


@misc{johnston2017,
  author = {Johnston, B.},
  title = {OpenDwarfs},
  year = {2017},
  publisher = {GitHub},
  journal = {GitHub repository},
  howpublished = {\url{https://github.com/BeauJoh/OpenDwarfs}}
}
